<record><leader>00000cas a2200000 a 4500</leader><controlfield tag="001">8781041</controlfield><controlfield tag="008">820916d18911894nyuwr ne      0   a0eng c</controlfield><datafield ind1=" " ind2=" " tag="010"><subfield code="a">sn 98068089 </subfield></datafield><datafield ind1=" " ind2=" " tag="040"><subfield code="a">VRR</subfield><subfield code="b">eng</subfield><subfield code="c">VRR</subfield><subfield code="d">NYS</subfield><subfield code="d">PPM</subfield><subfield code="d">NYS</subfield><subfield code="d">DLC</subfield><subfield code="d">NVF</subfield><subfield code="d">NVK</subfield><subfield code="d">WAU</subfield><subfield code="d">OCLCQ</subfield><subfield code="d">DLC</subfield><subfield code="d">OCLCQ</subfield><subfield code="d">OCLCF</subfield><subfield code="d">OCLCO</subfield><subfield code="d">IUL</subfield><subfield code="d">OCLCA</subfield></datafield><datafield ind1=" " ind2=" " tag="042"><subfield code="a">pcc</subfield></datafield><datafield ind1=" " ind2=" " tag="043"><subfield code="a">n-us-ny</subfield></datafield><datafield ind1="1" ind2="0" tag="050"><subfield code="a">AP2</subfield><subfield code="b">.L52</subfield></datafield><datafield ind1="0" ind2="4" tag="082"><subfield code="a">051</subfield></datafield><datafield ind1="0" ind2="0" tag="245"><subfield code="a">Frank Leslie's illustrated weekly.</subfield></datafield><datafield ind1="1" ind2="3" tag="246"><subfield code="a">Leslie's weekly</subfield></datafield><datafield ind1="1" ind2="7" tag="246"><subfield code="a">Frank Leslie's weekly</subfield></datafield><datafield ind1=" " ind2=" " tag="260"><subfield code="a">New York :</subfield><subfield code="b">[W.J. Arkell,</subfield><subfield code="c">1891-1894]</subfield></datafield><datafield ind1=" " ind2=" " tag="300"><subfield code="a">6 v. :</subfield><subfield code="b">ill. ;</subfield><subfield code="c">40 cm.</subfield></datafield><datafield ind1=" " ind2=" " tag="310"><subfield code="a">Weekly</subfield></datafield><datafield ind1="0" ind2=" " tag="362"><subfield code="a">Vol. 73, no. 1890 (Dec. 5, 1891)-v. 78, no. 2023 (June 21, 1894).</subfield></datafield><datafield ind1=" " ind2=" " tag="500"><subfield code="a">Imprint varies.</subfield></datafield><datafield ind1=" " ind2=" " tag="530"><subfield code="a">Also issued on microfilm from Library of Congress Photoduplication Service.</subfield></datafield><datafield ind1=" " ind2=" " tag="530"><subfield code="a">Available on microfilm from UMI.</subfield></datafield><datafield ind1=" " ind2="0" tag="651"><subfield code="a">New York (N.Y.)</subfield><subfield code="v">Newspapers.</subfield></datafield><datafield ind1=" " ind2="0" tag="651"><subfield code="a">New York County (N.Y.)</subfield><subfield code="v">Newspapers.</subfield></datafield><datafield ind1=" " ind2="7" tag="651"><subfield code="a">New York (State)</subfield><subfield code="z">New York.</subfield><subfield code="2">fast</subfield><subfield code="0">(OCoLC)fst01204333</subfield></datafield><datafield ind1=" " ind2="7" tag="651"><subfield code="a">New York (State)</subfield><subfield code="z">New York County.</subfield><subfield code="2">fast</subfield><subfield code="0">(OCoLC)fst01234953</subfield></datafield><datafield ind1=" " ind2="7" tag="655"><subfield code="a">Newspapers.</subfield><subfield code="2">fast</subfield><subfield code="0">(OCoLC)fst01423814</subfield></datafield><datafield ind1="1" ind2=" " tag="700"><subfield code="a">Leslie, Frank,</subfield><subfield code="d">1821-1880.</subfield></datafield><datafield ind1=" " ind2=" " tag="752"><subfield code="a">United States</subfield><subfield code="b">New York</subfield><subfield code="c">New York</subfield><subfield code="d">New York.</subfield></datafield><datafield ind1="0" ind2="8" tag="776"><subfield code="i">Microfilm version:</subfield><subfield code="t">Frank Leslie's illustrated weekly</subfield><subfield code="w">(DLC)sf 89091372</subfield><subfield code="w">(OCoLC)19516116</subfield></datafield><datafield ind1="0" ind2="8" tag="776"><subfield code="i">Online version:</subfield><subfield code="t">Frank Leslie's illustrated weekly</subfield><subfield code="w">(OCoLC)618512292</subfield></datafield><datafield ind1="0" ind2="0" tag="780"><subfield code="t">Frank Leslie's illustrated newspaper</subfield><subfield code="w">(DLC)sn 86090491</subfield><subfield code="w">(OCoLC)2261312</subfield></datafield><datafield ind1="0" ind2="0" tag="785"><subfield code="t">Leslie's illustrated weekly (New York, N.Y. : 1894)</subfield><subfield code="w">(DLC)sn 98068262</subfield><subfield code="w">(OCoLC)8478287</subfield></datafield><datafield ind1="4" ind2="0" tag="856"><subfield code="u">http://www.accessible-archives.com/collections/frank-leslies-weekly/</subfield></datafield><datafield ind1="1" ind2=" " tag="029"><subfield code="a">AU@</subfield><subfield code="b">000021485834</subfield></datafield></record>